{
  "leader": "03519cam a22005051a 4500",
  "fields": [
    {
      "001": "ocm00477624\\"
    },
    {
      "003": "OCoLC"
    },
    {
      "005": "20220104114405.0"
    },
    {
      "008": "790516s1960\\\\\\\\nju\\\\\\\\\\\\\\\\\\\\\\000\\0\\eng\\\\"
    },
    {
      "010": {
        "ind1": "\\",
        "ind2": "\\",
        "subfields": [
          {
            "a": "   60053566 "
          }
        ]
      }
    },
    {
      "040": {
        "ind1": "\\",
        "ind2": "\\",
        "subfields": [
          {
            "a": "DLC"
          },
          {
            "b": "eng"
          },
          {
            "c": "DLC"
          },
          {
            "d": "IUD"
          },
          {
            "d": "OSU"
          },
          {
            "d": "AGL"
          },
          {
            "d": "EL{dollar}"
          },
          {
            "d": "BUF"
          },
          {
            "d": "BTCTA"
          },
          {
            "d": "ZWZ"
          },
          {
            "d": "DEBBG"
          },
          {
            "d": "UIU"
          },
          {
            "d": "FPB"
          },
          {
            "d": "OCLCO"
          },
          {
            "d": "OCLCF"
          },
          {
            "d": "OCLCQ"
          },
          {
            "d": "OCL"
          },
          {
            "d": "OCLCQ"
          },
          {
            "d": "OCL"
          },
          {
            "d": "OCLCQ"
          },
          {
            "d": "VPI"
          },
          {
            "d": "XFF"
          },
          {
            "d": "OCLCO"
          },
          {
            "d": "CSA"
          },
          {
            "d": "OCLCO"
          },
          {
            "d": "GILDS"
          },
          {
            "d": "OCLCO"
          },
          {
            "d": "OCLCQ"
          },
          {
            "d": "TYC"
          },
          {
            "d": "CPO"
          },
          {
            "d": "OCLCO"
          },
          {
            "d": "OCLCQ"
          },
          {
            "d": "OCLCO"
          },
          {
            "d": "FLARE"
          },
          {
            "d": "OCLCO"
          },
          {
            "d": "OCLCA"
          },
          {
            "d": "SWW"
          },
          {
            "d": "OCLCO"
          }
        ]
      }
    },
    {
      "019": {
        "ind1": "\\",
        "ind2": "\\",
        "subfields": [
          {
            "a": "1133967"
          },
          {
            "a": "12688478"
          },
          {
            "a": "223339734"
          }
        ]
      }
    },
    {
      "035": {
        "ind1": "\\",
        "ind2": "\\",
        "subfields": [
          {
            "a": "(OCoLC)477624"
          },
          {
            "z": "(OCoLC)1133967"
          },
          {
            "z": "(OCoLC)12688478"
          },
          {
            "z": "(OCoLC)223339734"
          }
        ]
      }
    },
    {
      "043": {
        "ind1": "\\",
        "ind2": "\\",
        "subfields": [
          {
            "a": "n-us---"
          }
        ]
      }
    },
    {
      "050": {
        "ind1": "0",
        "ind2": "0",
        "subfields": [
          {
            "a": "E841"
          },
          {
            "b": ".U54"
          }
        ]
      }
    },
    {
      "051": {
        "ind1": "\\",
        "ind2": "\\",
        "subfields": [
          {
            "a": "E841"
          },
          {
            "b": ".U54 1963"
          },
          {
            "c": "Another issue. \"Seventh printing    ...    February 1963.\" Issued as the publisher's: A Spectrum book,    S-AA-3."
          }
        ]
      }
    },
    {
      "070": {
        "ind1": "0",
        "ind2": "\\",
        "subfields": [
          {
            "a": "280.12"
          },
          {
            "b": "Un3223"
          }
        ]
      }
    },
    {
      "072": {
        "ind1": "\\",
        "ind2": "0",
        "subfields": [
          {
            "a": "X800"
          }
        ]
      }
    },
    {
      "082": {
        "ind1": "0",
        "ind2": "0",
        "subfields": [
          {
            "a": "338.973"
          },
          {
            "b": "UNI"
          }
        ]
      }
    },
    {
      "110": {
        "ind1": "1",
        "ind2": "\\",
        "subfields": [
          {
            "a": "United States."
          },
          {
            "b": "President's Commission on National Goals."
          }
        ]
      }
    },
    {
      "245": {
        "ind1": "1",
        "ind2": "0",
        "subfields": [
          {
            "a": "Goals for Americans :"
          },
          {
            "b": "comprising The report of the President's Commission on National Goals and chapters submitted for the consideration of the Commission."
          }
        ]
      }
    },
    {
      "246": {
        "ind1": "3",
        "ind2": "0",
        "subfields": [
          {
            "a": "Report of the President's Commission on National Goals"
          }
        ]
      }
    },
    {
      "246": {
        "ind1": "1",
        "ind2": "\\",
        "subfields": [
          {
            "i": "At head of title:"
          },
          {
            "a": "Programs for action in the sixties"
          }
        ]
      }
    },
    {
      "260": {
        "ind1": "\\",
        "ind2": "\\",
        "subfields": [
          {
            "a": "[Englewood Cliffs, N.J.] :"
          },
          {
            "b": "Prentice-Hall,"
          },
          {
            "c": "1960."
          }
        ]
      }
    },
    {
      "300": {
        "ind1": "\\",
        "ind2": "\\",
        "subfields": [
          {
            "a": "xii, 372 pages ;"
          },
          {
            "c": "21 cm"
          }
        ]
      }
    },
    {
      "336": {
        "ind1": "\\",
        "ind2": "\\",
        "subfields": [
          {
            "a": "text"
          },
          {
            "b": "txt"
          },
          {
            "2": "rdacontent"
          }
        ]
      }
    },
    {
      "337": {
        "ind1": "\\",
        "ind2": "\\",
        "subfields": [
          {
            "a": "unmediated"
          },
          {
            "b": "n"
          },
          {
            "2": "rdamedia"
          }
        ]
      }
    },
    {
      "338": {
        "ind1": "\\",
        "ind2": "\\",
        "subfields": [
          {
            "a": "volume"
          },
          {
            "b": "nc"
          },
          {
            "2": "rdacarrier"
          }
        ]
      }
    },
    {
      "500": {
        "ind1": "\\",
        "ind2": "\\",
        "subfields": [
          {
            "a": "\"Administered by the American Assembly, Columbia University.\""
          }
        ]
      }
    },
    {
      "505": {
        "ind1": "0",
        "ind2": "0",
        "subfields": [
          {
            "g": "[1.]"
          },
          {
            "t": "American fundamentals:"
          },
          {
            "g": "ch. 1."
          },
          {
            "t": "The individual /"
          },
          {
            "r": "Henry M. Wriston --"
          },
          {
            "g": "ch. 2."
          },
          {
            "t": "The democratic process /"
          },
          {
            "r": "Clinton Rossiter --"
          },
          {
            "g": "[2.]"
          },
          {
            "t": "Goals at home:"
          },
          {
            "g": "ch. 3."
          },
          {
            "t": "National goals in education /"
          },
          {
            "r": "John W. Gardner --"
          },
          {
            "g": "ch. 4."
          },
          {
            "t": "A great age for science /"
          },
          {
            "r": "Warren Weaver --"
          },
          {
            "g": "ch. 5."
          },
          {
            "t": "The quality of American culture /"
          },
          {
            "r": "August Heckscher --"
          },
          {
            "g": "ch. 6."
          },
          {
            "t": "An effective and democratic organization of the economy /"
          },
          {
            "r": "Clark Kerr --"
          },
          {
            "g": "ch. 7."
          },
          {
            "t": "High employment and growth in the American economy /"
          },
          {
            "r": "Herbert Stein and Edward F. Denison --"
          },
          {
            "g": "ch. 8."
          },
          {
            "t": "Technological change /"
          },
          {
            "r": "Thomas J. Watson, Jr. --"
          },
          {
            "g": "ch. 9."
          },
          {
            "t": "Farm policy for the sixties /"
          },
          {
            "r": "Lauren K. Soth --"
          },
          {
            "g": "ch. 10."
          },
          {
            "t": "Framework for an urban society /"
          },
          {
            "r": "Catherine Bauer Wurster --"
          },
          {
            "g": "ch. 11."
          },
          {
            "t": "Meeting human needs /"
          },
          {
            "r": "Dr. James P. Dixon, Jr. --"
          },
          {
            "g": "[3.]"
          },
          {
            "t": "The role of government:"
          },
          {
            "g": "ch. 12."
          },
          {
            "t": "The federal system /"
          },
          {
            "r": "Morton Grodzins --"
          },
          {
            "g": "ch. 13."
          },
          {
            "t": "The public service /"
          },
          {
            "r": "Wallace S. Sayre --"
          },
          {
            "g": "[4.]"
          },
          {
            "t": "The world we seek:"
          },
          {
            "g": "ch. 14."
          },
          {
            "t": "The United States role in the world /"
          },
          {
            "r": "William L. Langer --"
          },
          {
            "g": "ch. 15."
          },
          {
            "t": "Foreign economic policy and objectives /"
          },
          {
            "r": "John J. McCloy --"
          },
          {
            "g": "ch. 16."
          },
          {
            "t": "A look further ahead /"
          },
          {
            "r": "William P. Bundy."
          }
        ]
      }
    },
    {
      "520": {
        "ind1": "\\",
        "ind2": "\\",
        "subfields": [
          {
            "a": "Yettele, who loves to gossip, is finally taught a lesson by the Rabbi."
          }
        ]
      }
    },
    {
      "651": {
        "ind1": "\\",
        "ind2": "0",
        "subfields": [
          {
            "a": "United States"
          },
          {
            "x": "Economic policy."
          }
        ]
      }
    },
    {
      "651": {
        "ind1": "\\",
        "ind2": "0",
        "subfields": [
          {
            "a": "United States"
          },
          {
            "x": "Social policy."
          }
        ]
      }
    },
    {
      "651": {
        "ind1": "\\",
        "ind2": "0",
        "subfields": [
          {
            "a": "United States"
          },
          {
            "x": "Politics and government"
          },
          {
            "y": "1953-1961."
          }
        ]
      }
    },
    {
      "650": {
        "ind1": "\\",
        "ind2": "2",
        "subfields": [
          {
            "a": "Economics."
          }
        ]
      }
    },
    {
      "650": {
        "ind1": "\\",
        "ind2": "7",
        "subfields": [
          {
            "a": "Economic policy."
          },
          {
            "2": "fast"
          },
          {
            "0": "(OCoLC)fst00902025"
          }
        ]
      }
    },
    {
      "650": {
        "ind1": "\\",
        "ind2": "7",
        "subfields": [
          {
            "a": "Politics and government"
          },
          {
            "2": "fast"
          },
          {
            "0": "(OCoLC)fst01919741"
          }
        ]
      }
    },
    {
      "650": {
        "ind1": "\\",
        "ind2": "7",
        "subfields": [
          {
            "a": "Social policy."
          },
          {
            "2": "fast"
          },
          {
            "0": "(OCoLC)fst01122738"
          }
        ]
      }
    },
    {
      "651": {
        "ind1": "\\",
        "ind2": "7",
        "subfields": [
          {
            "a": "United States."
          },
          {
            "2": "fast"
          },
          {
            "0": "(OCoLC)fst01204155"
          }
        ]
      }
    },
    {
      "648": {
        "ind1": "\\",
        "ind2": "7",
        "subfields": [
          {
            "a": "1953-1961"
          },
          {
            "2": "fast"
          }
        ]
      }
    },
    {
      "710": {
        "ind1": "2",
        "ind2": "\\",
        "subfields": [
          {
            "a": "American Assembly."
          }
        ]
      }
    },
    {
      "776": {
        "ind1": "0",
        "ind2": "8",
        "subfields": [
          {
            "i": "Online version:"
          },
          {
            "a": "United States. President's Commission on National Goals."
          },
          {
            "t": "Goals for Americans."
          },
          {
            "d": "[Englewood Cliffs, N.J.?] Prentice-Hall, 1960"
          },
          {
            "w": "(OCoLC)565123817"
          }
        ]
      }
    },
    {
      "994": {
        "ind1": "\\",
        "ind2": "\\",
        "subfields": [
          {
            "a": "Z0"
          },
          {
            "b": "NYRVC"
          }
        ]
      }
    },
    {
      "948": {
        "ind1": "\\",
        "ind2": "\\",
        "subfields": [
          {
            "h": "NO HOLDINGS IN NYRVC - 1104 OTHER HOLDINGS"
          }
        ]
      }
    },
    {
      "999": {
        "ind1": "\\",
        "ind2": "\\",
        "subfields": [
          {
            "a": "00000000016904"
          }
        ]
      }
    }
  ]
}